<record><leader>00000cas a22000007a 4500</leader><controlfield tag="001">13825475</controlfield><controlfield tag="008">860707d18961915njuwr ne      0    0eng d</controlfield><datafield ind1=" " ind2=" " tag="010"><subfield code="a">sn 85036024 </subfield></datafield><datafield ind1=" " ind2=" " tag="040"><subfield code="a">NPA</subfield><subfield code="b">eng</subfield><subfield code="c">NPA</subfield><subfield code="d">OCLCQ</subfield></datafield><datafield ind1=" " ind2=" " tag="042"><subfield code="a">msc</subfield></datafield><datafield ind1="0" ind2=" " tag="130"><subfield code="a">Bernardsville news (1896)</subfield></datafield><datafield ind1="1" ind2="4" tag="245"><subfield code="a">The Bernardsville news.</subfield></datafield><datafield ind1=" " ind2=" " tag="260"><subfield code="a">Bernardsville, N.J. :</subfield><subfield code="b">Bernards Pub. Co.</subfield></datafield><datafield ind1=" " ind2=" " tag="300"><subfield code="a">v. :</subfield><subfield code="b">ill. ;</subfield><subfield code="c">55 cm.</subfield></datafield><datafield ind1=" " ind2=" " tag="310"><subfield code="a">Weekly</subfield></datafield><datafield ind1="1" ind2=" " tag="362"><subfield code="a">Began in 1896? Ceased in July 1915.</subfield><subfield code="z">Cf. Wright, W.C. and Stellhorn, P.A. Direct. of N.J. newspapers.</subfield></datafield><datafield ind1=" " ind2=" " tag="500"><subfield code="a">Editors: H.C. Rowell, &lt;May 12, 1905&gt;-Dec. 28, 1906; L.R. Trumbull, Jan. 4, 1907-&lt;Oct. 23, 1908&gt;.</subfield></datafield><datafield ind1=" " ind2=" " tag="580"><subfield code="a">Merged with: Recorder (Bernardsville, N.J.), to form: Recorder and Bernardsville news. Cf. Wright, W.C. and Stellhorn, P.A. Direct. of N.J. newspapers.</subfield></datafield><datafield ind1=" " ind2=" " tag="588"><subfield code="a">Description based on: Vol. 9, no. 9 (May 12, 1905).</subfield></datafield><datafield ind1=" " ind2=" " tag="752"><subfield code="a">United States</subfield><subfield code="b">New Jersey</subfield><subfield code="c">Somerset</subfield><subfield code="d">Bernardsville.</subfield></datafield><datafield ind1="1" ind2="7" tag="785"><subfield code="t">Recorder (Bernardsville, N.J.)</subfield></datafield><datafield ind1="1" ind2="7" tag="785"><subfield code="t">Recorder and Bernardsville news</subfield></datafield><datafield ind1="1" ind2=" " tag="029"><subfield code="a">AU@</subfield><subfield code="b">000025788087</subfield></datafield></record>